@misc{lehman_biblatex_2013,
	title = {biblatex},
	url = {http://www.ctan.org/pkg/biblatex},
	version = {2.8a},
	author = {Lehman, Philipp and Wright, Joseph and Boruvka, Audrey and Kime, Philip},
	date = {2013-11-25}
}

@misc{braams_babel_2014,
	title = {babel},
	url = {http://www.ctan.org/pkg/babel},
	version = {3.9k},
	author = {Braams, Johannes L. and Bezos, Javier},
	date = {2014-03-24}
}

@misc{wright_biblatex-phys_2013,
	title = {biblatex-phys},
	url = {http://www.ctan.org/pkg/biblatex-phys},
	version = {0.9e},
	author = {Wright, Joseph},
	date = {2013-02-15}
}

@misc{wright_biblatex-nature_2013,
	title = {biblatex-nature},
	url = {http://www.ctan.org/pkg/biblatex-nature},
	version = {1.2e},
	author = {Wright, Joseph},
	date = {2013-05-20}
}

@misc{kime_biblatex-apa_2013,
	title = {biblatex-apa},
	url = {http://www.ctan.org/pkg/biblatex-apa},
	version = {6.4},
	author = {Kime, Philip},
	date = {2013-10-30}
}

@online{swann_biblatex_2014,
	title = {Biblatex field values and comparisons},
	url = {http://tex.stackexchange.com/a/169379/25778},
	titleaddon = {{TeX} Stack Exchange},
	author = {Swann, Andrew},
	urldate = {2014-04-11},
	date = {2014-04-03},
	file = {Snapshot:/home/alex/.mozilla/firefox/n6bp9iaz.default/zotero/storage/6TTJZV4F/biblatex-field-values-and-comparisons.html:text/html}
}

@online{audrey_make_2012,
	title = {Make specific author bold using biblatex},
	url = {http://tex.stackexchange.com/a/73246/25778},
	titleaddon = {{TeX} Stack Exchange},
	author = {Audrey},
	urldate = {2014-04-11},
	date = {2012-09-21},
	file = {Snapshot:/home/alex/.mozilla/firefox/n6bp9iaz.default/zotero/storage/J8TZD2BV/make-specific-author-bold-using-biblatex.html:text/html}
}

@online{audrey_sorted_2013,
	title = {Sorted list of publications in moderncv from bibtex},
	url = {http://tex.stackexchange.com/a/123818/25778},
	titleaddon = {{TeX} Stack Exchange},
	author = {Audrey},
	urldate = {2014-04-11},
	date = {2013-07-13},
	file = {Snapshot:/home/alex/.mozilla/firefox/n6bp9iaz.default/zotero/storage/QKSBP744/123818.html:text/html}
}

@misc{danaux_moderncv_2013,
	title = {moderncv},
	url = {http://www.ctan.org/pkg/moderncv},
	version = {1.5.1},
	author = {Danaux, Xavier},
	date = {2013-04-29}
}

@misc{kime_biber_2013,
	title = {biber},
	url = {http://www.ctan.org/pkg/biber},
	version = {1.8},
	author = {Kime, Philip and Charette, François},
	date = {2013-10-21}
}

@misc{kern_xcolor_2007,
	title = {xcolor},
	url = {http://www.ctan.org/pkg/xcolor},
	version = {2.11},
	author = {Kern, Uwe},
	date = {2007}
}

@misc{charette_polyglossia_2013,
	title = {polyglossia},
	url = {http://www.ctan.org/pkg/polyglossia},
	version = {1.33.4},
	author = {Charette, François and Reutenauer, Arthur},
	date = {2013-06-27}
}

@misc{rahtz_hyperref_2012,
	title = {hyperref},
	url = {http://www.ctan.org/pkg/hyperref},
	version = {6.83m},
	author = {Rahtz, Sebastian and Oberdiek, Heiko},
	date = {2012-11-07}
}

@misc{lehman_csquotes_2011,
	title = {csquotes},
	url = {http://www.ctan.org/pkg/csquotes},
	version = {5.1d},
	author = {Lehman, Philipp},
	date = {2011-10-22}
}

@misc{arseneau_url_2013,
	title = {url},
	url = {http://www.ctan.org/pkg/url},
	version = {3.4},
	author = {Arseneau, Donald},
	date = {2013-12-31}
}