%% demo.bib
%% Copyright (c) 2013--2014 Alex J. Grede <agrede@gmail.com>
%%
%% This work may be distributed and/or modified under the
%% conditions of the LaTeX Project Public License, either version 1.3
%% of this license or (at your option) any later version.
%% The latest version of this license is in
%% http://www.latex-project.org/lppl.txt
%% and version 1.3 or later is part of all distributions of LaTeX
%% version 2005/12/01 or later.
%%
%% This work has the LPPL maintenance status `maintained'.
%%
%% The Current Maintainer of this work is Alex J. Grede
%%
%% This work consists of all files listed in manifest.txt.

@book{doe_widgets_2014,
  author = {Doe, John B.},
  editor = {Smith, Alfred P.},
  date = {2014-11},
  pubstate = {inpress},
  publisher = {National Science Press},
  location = {City, {BZ}},
  pagetotal = 725,
  title = {Widgets},
  type = {book},
  subtitle = {Design, Development, and Deployment}
}
@article{doe_beta_2014,
  author = {Doe, John B.},
  journaltitle = {Acme Society Journal},
  date = {2014-03-08},
  title = {Beta widgets in space},
  volume = {5},
  number = {1},
  pages = {10},
  doi = {12345},
  type = {article},
  publisher = {Acme Society Press},
  location = {City, {XX}},
  cvrole = {primary author}
}
@article{doe_alpha_2014,
  author = {Doe, John B. and Doe, Jane J.},
  journaltitle = {Acme Society Journal},
  date = {2014-03-08},
  title = {Alpha widgets in space},
  volume = {5},
  number = {1},
  pages = {5},
  type = {article},
  publisher = {Acme Society Press},
  location = {City, {XX}},
  doi = {12346},
  cvrole = {primary author}
}
@set{proc_acme_2014,
  entryset = {doe_designing_2014,doe_construct_2014}
}
@inproceedings{doe_designing_2014,
  author = {Doe, John B. and Doe, Jane J.},
  title = {Designing alpha widgets for space use},
  eventtitle = {Acme Society 3rd Annual Conference},
  eventdate = {2014-02-20/2014-02-25},
  venue = {Metro, {ZZ}},
  organization = {Acme Society},
  booktitle = {Proceedings of the Acme Society 3rd Annual Conference},
  publisher = {Acme Society Press},
  date = {2014-02-01},
  location = {City, {XX}},
  doi = {12347},
  type = {conference},
  cvrole = {presenter},
  subtype = {presentation}
}
@inproceedings{doe_construct_2014,
  author = {Doe, Jill J. and Doe, John B.},
  title = {Constructing alpha widgets for space use},
  eventtitle = {Acme Society 3rd Annual Conference},
  eventdate = {2014-02-20/2014-02-25},
  venue = {Metro, {ZZ}},
  organization = {Acme Society},
  booktitle = {Proceedings of the Acme Society 3rd Annual Conference},
  publisher = {Acme Society Press},
  date = {2014-02-01},
  location = {City, {XX}},
  doi = {123458},
  cvrole = {adviser},
  type = {conference},
  entrysubtype = {poster}
}
@misc{doe_alpha_2014b,
  author = {Doe, Jill J. and Doe, John B.},
  title = {Alpha widget automated designer},
  date = {2014-01/2014-08},
  url = {http://ctan.org},
  cvrole = {adviser},
  type = {software}
}
@inproceedings{doe_benefits_2013,
  author = {Doe, Jill J. and Doe, John B. and Smith, III, Arthur D.},
  title = {Benefits of alpha widgets for space use},
  eventtitle = {Acme Society 2nd Annual Conference},
  eventdate = {2013-02-15/2013-02-20},
  venue = {City, {AA}},
  organization = {Acme Society},
  booktitle = {Proceedings of the Acme Society 2nd Annual Conference},
  publisher = {Acme Society Press},
  date = {2013-02-01},
  location = {City, {XX}},
  doi = {123459},
  cvrole = {metrology adviser},
  type = {conference},
  entrysubtype = {keynote}
}
@article{doe_gamma_2014,
  author = {Doe, John B. and Doe, Jane J.},
  journaltitle = {Acme Society Journal},
  date = {2014-01-21},
  title = {Gamma widgets in space},
  volume = {5},
  number = {7},
  pages = {3},
  publisher = {Acme Society Press},
  location = {City, {XX}},
  doi = {123460},
  type = {article},
  cvrole = {primary author}
}
@article{doe_challenges_2012,
  author = {Doe, Jane J. and Doe, John B.},
  date = {2012-07-21},
  title = {Challenges in widget design},
  volume = {14},
  number = {30},
  pages = {128},
  journaltitle={Acme Society Letters},
  publisher = {Acme Society Press},
  location = {City, {XX}},
  doi = {123460},
  type = {letter},
  cvrole = {advisor}
}
@article{smith_progress_2012,
  author = {Smith, III, Arthur D. and Doe, John B.},
  title = {Progress of Widget Technology},
  journaltitle = {Natural Philosophy},
  date = {2012-02},
  publisher = {National Science Press},
  location = {City, {BZ}},
  volume = {141},
  number = {20},
  pages = {128},
  doi = {A123198},
  type = {review},
  cvrole = {co-author}
}
@inproceedings{doe_future_2012,
  author = {Doe, John B. and Smith, III, Arthur D.},
  title = {Future of Widget Technology},
  eventtitle = {23rd Annual Symposium of Natural Philosophy},
  eventdate = {2013-01-05/2013-01-10},
  venue = {City, {BZ}},
  organization = {National Science Society},
  booktitle = {Proceedings of the 23rd Annual Symposium of Natural Philosophy},
  publisher = {National Science Press},
  location = {City, {BZ}},
  date = {2012-12-20},
  doi = {A1298d12},
  type = {conference},
  entrysubtype = {keynote},
  cvrole = {invited presenter}
}
@proceedings{doe_proceedings_2012,
  editor = {Doe, John B. and Black, Susan K. and Smith, Donald L.},
  title = {Proceedings of the 1st Annual Conference},
  eventtitle = {Acme Society 1st Annual Conference},
  eventdate = {2012-02-17/2012-02-23},
  venue = {City, {XX}},
  organization = {Acme Society},
  publisher = {Acme Society Press},
  location = {City, {XX}},
  type = {conference},
  date = {2012-02-01},
  isbn = {0-821-213784-2},
  cvrole = {conference chair}
}
@inproceedings{doe_progress_2012,
  author = {Doe, Jane J. and Doe, John B.},
  title = {Progress in widget technology},
  eventtitle = {Acme Society 1st Annual Conference},
  eventdate = {2012-02-17/2012-02-23},
  venue = {City, {XX}},
  organization = {Acme Society},
  publisher = {Acme Society Press},
  location = {City, {XX}},
  booktitle = {Proceedings of the 1st Annual Conference},
  type = {conference},
  date = {2012-02-01},
  doi = {129328724},
  type = {conference},
  entrysubtype = {presentation},
  cvrole = {advisor}
}

@patent{doe_patent_2013,
  title = {Method to construct widgets},
  number = {{US1} A},
  author = {Doe, John B. and Doe, Jane J. and Smith, III, Arthur D.},
  authortype = {inventor},
  holder = {{Industrial Widgets}},
  type = {patentus},
  location = {countryus},
  date = {2013-05-23}
}

%%% Local Variables:
%%% bibtex-dialect: biblatex
%%% End: