%% LaTeX2e file `simpletest.bib'
%% generated by the `filecontents' environment
%% from source `simpletest' on 2014/04/07.
%%
@book{doe_widgets_2014,
  author = {Doe, John B.},
  editor = {Smith, Alfred P.},
  date = {2014-11},
  pubstate = {inpress},
  publisher = {National Science Press},
  location = {City, {BZ}},
  pagetotal = 725,
  title = {Widgets},
  subtitle = {Design, Development, and Deployment}
}
@article{doe_beta_2014,
  author = {Doe, John B.},
  journaltitle = {Acme Society Journal},
  date = {2014-03-08},
  title = {Beta widgets in space},
  volume = {5},
  number = {1},
  pages = {10},
  doi = {12345},
  publisher = {Acme Society Press},
  location = {City, {XX}},
  type = {journal},
  usera = {primary author}
}
@article{doe_alpha_2014,
  author = {Doe, John B. and Doe, Jane J.},
  journaltitle = {Acme Society Journal},
  date = {2014-03-08},
  title = {Alpha widgets in space},
  volume = {5},
  number = {1},
  pages = {5},
  publisher = {Acme Society Press},
  location = {City, {XX}},
  doi = {12346},
  type = {journal},
  usera = {primary author}
}
@inproceedings{doe_designing_2014,
  author = {Doe, John B. and Doe, Jane J.},
  title = {Designing alpha widgets for space use},
  eventtitle = {Acme Society 3rd Annual Conference},
  eventdate = {2014-02-20/2014-02-25},
  venue = {Metro, {ZZ}},
  organization = {Acme Society},
  booktitle = {Proceedings of the Acme Society 3rd Annual Conference},
  publisher = {Acme Society Press},
  date = {2014-02-01},
  location = {City, {XX}},
  doi = {12347},
  usera = {presenter},
  type = {talk}
}
@inproceedings{doe_construct_2014,
  author = {Doe, Jill J. and Doe, John B.},
  title = {Constructing alpha widgets for space use},
  eventtitle = {Acme Society 3rd Annual Conference},
  eventdate = {2014-02-20/2014-02-25},
  venue = {Metro, {ZZ}},
  organization = {Acme Society},
  booktitle = {Proceedings of the Acme Society 3rd Annual Conference},
  publisher = {Acme Society Press},
  date = {2014-02-01},
  location = {City, {XX}},
  doi = {123458},
  usera = {adviser},
  type = {poster}
}
@inproceedings{doe_benefits_2013,
  author = {Doe, Jill J. and Doe, John B. and Smith, III, Arthur D.},
  title = {Benefits of alpha widgets for space use},
  eventtitle = {Acme Society 2nd Annual Conference},
  eventdate = {2013-02-15/2013-02-20},
  venue = {City, {AA}},
  organization = {Acme Society},
  booktitle = {Proceedings of the Acme Society 2nd Annual Conference},
  publisher = {Acme Society Press},
  date = {2013-02-01},
  location = {City, {XX}},
  doi = {123459},
  usera = {metrology adviser},
  type = {invited talk}
}
@article{doe_gamma_2014,
  author = {Doe, John B. and Doe, Jane J.},
  journaltitle = {Acme Society Journal},
  date = {2014-01-21},
  title = {Gamma widgets in space},
  volume = {5},
  number = {7},
  pages = {3},
  publisher = {Acme Society Press},
  location = {City, {XX}},
  doi = {123460},
  type = {journal},
  usera = {primary author}
}
@article{doe_challenges_2012,
  author = {Doe, Jane J. and Doe John B.},
  date = {2012-07-21},
  title = {Challenges in widget design},
  volume = {14},
  number = {30},
  pages = {128},
  journaltitle={Acme Society Letters},
  publisher = {Acme Society Press},
  location = {City, {XX}},
  doi = {123460},
  type = {letters},
  usera = {advisor}
}
@article{smith_progress_2012,
  author = {Smith, III, Arthur D. and Doe, John B.},
  title = {Progress of Widget Technology},
  journaltitle = {Natural Philosophy},
  date = {2012-02},
  publisher = {National Science Press},
  location = {City, {BZ}},
  volume = {141},
  number = {20},
  pages = {128},
  doi = {A123198},
  type = {journal},
  usera = {co-author}
}
@inproceedings{doe_future_2012,
  author = {Doe, John B. and Smith, III, Arthur D.},
  title = {Future of Widget Technology},
  eventtitle = {23rd Annual Symposium of Natural Philosophy},
  eventdate = {2013-01-05/2013-01-10},
  venue = {City, {BZ}},
  organization = {National Science Society},
  booktitle = {Proceedings of the 23rd Annual Symposium of Natural Philosophy},
  publisher = {National Science Press},
  location = {City, {BZ}},
  date = {2012-12-20},
  doi = {A1298d12},
  type = {invited talk},
  usera = {invited presenter}
}
@proceedings{doe_proceedings_2012,
  editor = {Doe, John B. and Black, Susan K. and Smith, Donald L.},
  title = {Proceedings of the 1st Annual Conference},
  eventtitle = {Acme Society 1st Annual Conference},
  eventdate = {2012-02-17/2012-02-23},
  venue = {City, {XX}},
  organization = {Acme Society},
  publisher = {Acme Society Press},
  location = {City, {XX}},
  type = {conference},
  date = {2012-02-01},
  isbn = {0-821-213784-2},
  usera = {conference chair}
}

%%% Local Variables:
%%% bibtex-dialect: biblatex
%%% End: